@misc{discreteflow,
    title={Latent Normalizing Flows for Discrete Sequences},
    author={Zachary M. Ziegler and Alexander M. Rush},
    year={2019},
    eprint={1901.10548},
    archivePrefix={arXiv},
    primaryClass={stat.ML}
}
@inproceedings{bvae,
  title={beta-VAE: Learning Basic Visual Concepts with a Constrained Variational Framework},
  author={Irina Higgins and Lo{\"i}c Matthey and Arka Pal and Christopher Burgess and Xavier Glorot and Matthew M Botvinick and Shakir Mohamed and Alexander Lerchner},
  booktitle={ICLR},
  year={2017}
}
@misc{dmm,
    title={Structured Inference Networks for Nonlinear State Space Models},
    author={Rahul G. Krishnan and Uri Shalit and David Sontag},
    year={2016},
    eprint={1609.09869},
    archivePrefix={arXiv},
    primaryClass={stat.ML}
}
@misc{vinfflow,
    title={Variational Inference with Normalizing Flows},
    author={Danilo Jimenez Rezende and Shakir Mohamed},
    year={2015},
    eprint={1505.05770},
    archivePrefix={arXiv},
    primaryClass={stat.ML}
}
@misc{begiopolyphonic,
    title={Modeling Temporal Dependencies in High-Dimensional Sequences: Application to Polyphonic Music Generation and Transcription},
    author={Nicolas Boulanger-Lewandowski and Yoshua Bengio and Pascal Vincent},
    year={2012},
    eprint={1206.6392},
    archivePrefix={arXiv},
    primaryClass={cs.LG}
}
